@Manual{R-base,
  title = {R: A Language and Environment for Statistical Computing},
  author = {{R Core Team}},
  organization = {R Foundation for Statistical Computing},
  address = {Vienna, Austria},
  year = {2020},
  url = {https://www.R-project.org/},
}
@Manual{R-papaja,
  author = {Frederik Aust and Marius Barth},
  title = {{papaja}: {Create} {APA} manuscripts with {R Markdown}},
  year = {2020},
  note = {R package version 0.1.0.9997},
  url = {https://github.com/crsh/papaja},
}
@article{smith2014,
  title={Institutional betrayal.},
  author={Smith, Carly P and Freyd, Jennifer J},
  journal={American Psychologist},
  volume={69},
  number={6},
  pages={575},
  year={2014},
  publisher={American Psychological Association}
}
@article{smith2013,
  title={Dangerous safe havens: Institutional betrayal exacerbates sexual trauma},
  author={Smith, Carly Parnitzke and Freyd, Jennifer J},
  journal={Journal of Traumatic Stress},
  volume={26},
  number={1},
  pages={119--124},
  year={2013},
  publisher={Wiley Online Library}
}
@article{smith2017,
  title={Insult, then injury: Interpersonal and institutional betrayal linked to health and dissociation},
  author={Smith, Carly P and Freyd, Jennifer J},
  journal={Journal of Aggression, Maltreatment \& Trauma},
  volume={26},
  number={10},
  pages={1117--1131},
  year={2017},
  publisher={Taylor \& Francis}
}
@article{elliott1992,
  title={Sexual abuse trauma among professional women: Validating the Trauma Symptom Checklist-40 (TSC-40)},
  author={Elliott, Diana M and Briere, John},
  journal={Child abuse \& neglect},
  volume={16},
  number={3},
  pages={391--398},
  year={1992},
  publisher={Elsevier}
}
@article{horowitz1979,
  title={Impact of Event Scale: A measure of subjective stress},
  author={Horowitz, Mardi and Wilner, Nancy and Alvarez, William},
  journal={Psychosomatic medicine},
  volume={41},
  number={3},
  pages={209--218},
  year={1979},
  publisher={LWW}
}
@Manual{R-apaTables,
  title = {apaTables: Create American Psychological Association (APA) Style Tables},
  author = {David Stanley},
  year = {2018},
  note = {R package version 2.0.5},
  url = {https://CRAN.R-project.org/package=apaTables},
}
@Manual{R-dplyr,
  title = {dplyr: A Grammar of Data Manipulation},
  author = {Hadley Wickham and Romain François and Lionel Henry and Kirill Müller},
  year = {2021},
  note = {R package version 1.0.4},
  url = {https://CRAN.R-project.org/package=dplyr},
}
@Manual{R-forcats,
  title = {forcats: Tools for Working with Categorical Variables (Factors)},
  author = {Hadley Wickham},
  year = {2020},
  note = {R package version 0.5.0},
  url = {https://CRAN.R-project.org/package=forcats},
}
@Book{R-ggplot2,
  author = {Hadley Wickham},
  title = {ggplot2: Elegant Graphics for Data Analysis},
  publisher = {Springer-Verlag New York},
  year = {2016},
  isbn = {978-3-319-24277-4},
  url = {https://ggplot2.tidyverse.org},
}
@Manual{R-here,
  title = {here: A Simpler Way to Find Your Files},
  author = {Kirill Müller},
  year = {2017},
  note = {R package version 0.1},
  url = {https://CRAN.R-project.org/package=here},
}
@Manual{R-psych,
  title = {psych: Procedures for Psychological, Psychometric, and Personality Research},
  author = {William Revelle},
  organization = { Northwestern University},
  address = { Evanston, Illinois},
  year = {2020},
  note = {R package version 2.0.7},
  url = {https://CRAN.R-project.org/package=psych},
}
@Manual{R-purrr,
  title = {purrr: Functional Programming Tools},
  author = {Lionel Henry and Hadley Wickham},
  year = {2020},
  note = {R package version 0.3.4},
  url = {https://CRAN.R-project.org/package=purrr},
}
@Manual{R-readr,
  title = {readr: Read Rectangular Text Data},
  author = {Hadley Wickham and Jim Hester and Romain Francois},
  year = {2018},
  note = {R package version 1.3.1},
  url = {https://CRAN.R-project.org/package=readr},
}
@Manual{R-rio,
  title = {rio: A Swiss-army knife for data file I/O},
  author = {Chung-hong Chan and Geoffrey CH Chan and Thomas J. Leeper and Jason Becker},
  year = {2018},
  note = {R package version 0.5.16},
}
@Manual{R-skimr,
  title = {skimr: Compact and Flexible Summaries of Data},
  author = {Elin Waring and Michael Quinn and Amelia McNamara and Eduardo {Arino de la Rubia} and Hao Zhu and Shannon Ellis},
  year = {2020},
  note = {R package version 2.1.2},
  url = {https://CRAN.R-project.org/package=skimr},
}
@Manual{R-stringr,
  title = {stringr: Simple, Consistent Wrappers for Common String Operations},
  author = {Hadley Wickham},
  year = {2019},
  note = {R package version 1.4.0},
  url = {https://CRAN.R-project.org/package=stringr},
}
@Manual{R-tibble,
  title = {tibble: Simple Data Frames},
  author = {Kirill Müller and Hadley Wickham},
  year = {2021},
  note = {R package version 3.0.6},
  url = {https://CRAN.R-project.org/package=tibble},
}
@Manual{R-tidyr,
  title = {tidyr: Tidy Messy Data},
  author = {Hadley Wickham},
  year = {2020},
  note = {R package version 1.1.2},
  url = {https://CRAN.R-project.org/package=tidyr},
}
@Article{R-tidyverse,
  title = {Welcome to the {tidyverse}},
  author = {Hadley Wickham and Mara Averick and Jennifer Bryan and Winston Chang and Lucy D'Agostino McGowan and Romain François and Garrett Grolemund and Alex Hayes and Lionel Henry and Jim Hester and Max Kuhn and Thomas Lin Pedersen and Evan Miller and Stephan Milton Bache and Kirill Müller and Jeroen Ooms and David Robinson and Dana Paige Seidel and Vitalie Spinu and Kohske Takahashi and Davis Vaughan and Claus Wilke and Kara Woo and Hiroaki Yutani},
  year = {2019},
  journal = {Journal of Open Source Software},
  volume = {4},
  number = {43},
  pages = {1686},
  doi = {10.21105/joss.01686},
}
@Manual{R-corx,
  title = {corx: Create and Format Correlation Matrices},
  author = {James Conigrave},
  year = {2020},
  note = {R package version 1.0.6.1},
  url = {https://CRAN.R-project.org/package=corx},
}
@article{klest2020,
  title={COVID-19 has united patients and providers against institutional betrayal in health care: A battle to be heard, believed, and protected.},
  author={Klest, Bridget and Smith, Carly P and May, Collin and McCall-Hosenfeld, Jennifer and Tamaian, Andreea},
  journal={Psychological Trauma: Theory, Research, Practice, and Policy},
  volume={12},
  number={S1},
  pages={S159},
  year={2020},
  publisher={Educational Publishing Foundation}
}
@article{smith2017first,
  title={First, do no harm: institutional betrayal and trust in health care organizations},
  author={Smith, Carly},
  journal={Journal of multidisciplinary healthcare},
  volume={10},
  pages={133},
  year={2017},
  publisher={Dove Press}
}

@article{monteith2016,
  title={Perceptions of institutional betrayal predict suicidal self-directed violence among veterans exposed to military sexual trauma},
  author={Monteith, Lindsey L and Bahraini, Nazanin H and Matarazzo, Bridget B and Soberay, Kelly A and Smith, Carly Parnitzke},
  journal={Journal of clinical psychology},
  volume={72},
  number={7},
  pages={743--755},
  year={2016},
  publisher={Wiley Online Library}
}
@article{lu2020college,
  title={Are college campuses superspreaders? A data-driven modeling study},
  author={Lu, Hannah and Weintz, Cortney and Pace, Joseph and Indana, Dhiraj and Linka, Kevin and Kuhl, Ellen},
  journal={Computer Methods in Biomechanics and Biomedical Engineering},
  pages={1--11},
  year={2020},
  publisher={Taylor \& Francis}
}
@article{lind2020,
  title={Isn’t high school bad enough already? Rates of gender harassment and institutional betrayal in high school and their association with trauma-related symptoms},
  author={Lind, Monika N and Adams-Clark, Alexis A and Freyd, Jennifer J},
  journal={PloS one},
  volume={15},
  number={8},
  pages={e0237713},
  year={2020},
  publisher={Public Library of Science San Francisco, CA USA}
}
@article{kachanoff2020,
  title={Measuring realistic and symbolic threats of COVID-19 and their unique impacts on well-being and adherence to public health behaviors},
  author={Kachanoff, Frank J and Bigman, Yochanan E and Kapsaskis, Kyra and Gray, Kurt},
  journal={Social Psychological and Personality Science},
  pages={1948550620931634},
  year={2020},
  publisher={SAGE Publications Sage CA: Los Angeles, CA}
}@Article{R-lme4,
  title = {Fitting Linear Mixed-Effects Models Using {lme4}},
  author = {Douglas Bates and Martin M{\"a}chler and Ben Bolker and Steve Walker},
  journal = {Journal of Statistical Software},
  year = {2015},
  volume = {67},
  number = {1},
  pages = {1--48},
  doi = {10.18637/jss.v067.i01},
}
@Article{R-lmerTest,
  title = {{lmerTest} Package: Tests in Linear Mixed Effects Models},
  author = {Alexandra Kuznetsova and Per B. Brockhoff and Rune H. B. Christensen},
  journal = {Journal of Statistical Software},
  year = {2017},
  volume = {82},
  number = {13},
  pages = {1--26},
  doi = {10.18637/jss.v082.i13},
}
@Manual{R-Matrix,
  title = {Matrix: Sparse and Dense Matrix Classes and Methods},
  author = {Douglas Bates and Martin Maechler},
  year = {2019},
  note = {R package version 1.2-18},
  url = {https://CRAN.R-project.org/package=Matrix},
}
